<?xml version="1.0" encoding="UTF-8"?><collection xmlns="http://www.loc.gov/MARC21/slim"><record><leader>00325nam--2200121-i-4500</leader><controlfield tag="001">000030914</controlfield><controlfield tag="002">20161230</controlfield><controlfield tag="005">20161230201038</controlfield><controlfield tag="008">060222s1000------------r-----000-0-eng-d</controlfield><datafield ind1=" " ind2=" " tag="100"><subfield code="a">Mellon, M.G</subfield></datafield><datafield ind1=" " ind2=" " tag="245"><subfield code="a">Chemical publications, their nature and use. 3-rd edition</subfield></datafield><datafield ind1=" " ind2=" " tag="260"><subfield code="a">New York, Mcgraw-hill, 1958. X+327p</subfield></datafield><datafield ind1=" " ind2=" " tag="852"><subfield code="a">14822</subfield></datafield></record></collection>